<?xml version="1.0" encoding="UTF-8"?><collection xmlns="http://www.loc.gov/MARC21/slim"><record><leader>00381nam--2200145-i-4500</leader><controlfield tag="001">000005451</controlfield><controlfield tag="002">20161230</controlfield><controlfield tag="005">20170305193159</controlfield><controlfield tag="008">060222s1000------------r-----000-0-eng-d</controlfield><datafield ind1=" " ind2=" " tag="100"><subfield code="a">Cuddy, L. J</subfield></datafield><datafield ind1=" " ind2=" " tag="245"><subfield code="a">Plastic flow during extrusion of tubing</subfield></datafield><datafield ind1=" " ind2=" " tag="260"><subfield code="a">Columbus</subfield><subfield code="b">Battelle Memorial Institute</subfield><subfield code="c">1955</subfield></datafield><datafield ind1=" " ind2=" " tag="300"><subfield code="a">18 p</subfield></datafield><datafield ind1=" " ind2=" " tag="700"><subfield code="a">Keeler, J. R</subfield></datafield><datafield ind1=" " ind2=" " tag="CAT"><subfield code="a">SYS</subfield><subfield code="c">20170305</subfield><subfield code="h">193159</subfield></datafield></record></collection>